@Misc{•,
OPTkey = {•},
OPTauthor = {•},
OPTtitle = {•},
OPThowpublished = {•},
OPTmonth = {•},
OPTyear = {•},
OPTnote = {•},
OPTannote = {•}
}
@Book{Vega,
ALTauthor = {Vega Picón Guillermo Eduardo},
ALTeditor = {•},
title = {Diseño y construccion},
publisher = {Universidad Politecnica},
year = {2012},
OPTkey = {•},
OPTvolume = {•},
OPTnumber = {•},
OPTseries = {•},
OPTaddress = {•},
OPTedition = {•},
OPTmonth = {•},
OPTnote = {•},
OPTannote = {•}
}
@Book{ABE,
ALTauthor = {Michael Atkinson, Patrick Cousineau},
ALTeditor = {•},
title = {Android Bluetooth Electrocardiogram},
publisher = {Universidad Politecnica},
year = {},
OPTkey = {•},
OPTvolume = {•},
OPTnumber = {•},
OPTseries = {•},
OPTaddress = {•},
OPTedition = {•},
OPTmonth = {•},
OPTnote = {•},
OPTannote = {•}
}
